<?xml version="1.0" encoding="UTF-8"?><collection xmlns="http://www.loc.gov/MARC21/slim"><record><leader>00309nam--2200121-i-4500</leader><controlfield tag="001">000044814</controlfield><controlfield tag="002">20161230</controlfield><controlfield tag="005">20161230201044</controlfield><controlfield tag="008">060222s1000------------r-----000-0-eng-d</controlfield><datafield ind1=" " ind2=" " tag="245"><subfield code="a">Oxidation and combustion reviews</subfield></datafield><datafield ind1=" " ind2=" " tag="260"><subfield code="a">Amsterdam, Elsevier Publ.Co., 1965, 344p</subfield></datafield><datafield ind1=" " ind2=" " tag="700"><subfield code="a">Tipper, C. F. H</subfield></datafield><datafield ind1=" " ind2=" " tag="852"><subfield code="a">22111</subfield></datafield></record></collection>